@online {1,
    title = {Clafer: Lightweight Modeling Lanaguage},
    url = {http://www.clafer.org/}
}

@article{2,
 author = {Igarashi, Atsushi and Pierce, Benjamin C. and Wadler, Philip},
 title = {Featherweight Java: A Minimal Core Calculus for Java and GJ},
 journal = {ACM Trans. Program. Lang. Syst.},
 issue_date = {May 2001},
 volume = {23},
 number = {3},
 month = may,
 year = {2001},
 issn = {0164-0925},
 pages = {396--450},
 numpages = {55},
 url = {http://doi.acm.org/10.1145/503502.503505},
 doi = {10.1145/503502.503505},
 acmid = {503505},
 publisher = {ACM},
 address = {New York, NY, USA},
 keywords = {Compilation, Java, generic classes, language design, language semantics},
}

@online {3,
    title = {A Free Open-Source Java Library for Constraint Programming},
    url = {http://choco-solver.org/}
}

@online {4,
    title = {alloy: A language and tool for relation models},
    url = {http://alloy.mit.edu/alloy/}
}

@inproceedings{5,
 author = {Engler, Dawson and Chelf, Benjamin and Chou, Andy and Hallem, Seth},
 title = {Checking System Rules Using System-specific, Programmer-written Compiler Extensions},
 booktitle = {Proceedings of the 4th Conference on Symposium on Operating System Design \& Implementation - Volume 4},
 series = {OSDI'00},
 year = {2000},
 location = {San Diego, California},
 pages = {1--1},
 numpages = {1},
 url = {http://dl.acm.org/citation.cfm?id=1251229.1251230},
 acmid = {1251230},
 publisher = {USENIX Association},
 address = {Berkeley, CA, USA},
}

@article{6,
 author = {Hovemeyer, David and Pugh, William},
 title = {Finding Bugs is Easy},
 journal = {SIGPLAN Not.},
 issue_date = {December 2004},
 volume = {39},
 number = {12},
 month = dec,
 year = {2004},
 issn = {0362-1340},
 pages = {92--106},
 numpages = {15},
 url = {http://doi.acm.org/10.1145/1052883.1052895},
 doi = {10.1145/1052883.1052895},
 acmid = {1052895},
 publisher = {ACM},
 address = {New York, NY, USA},
}

@article{7,
 author = {Engler, Dawson and Chen, David Yu and Hallem, Seth and Chou, Andy and Chelf, Benjamin},
 title = {Bugs As Deviant Behavior: A General Approach to Inferring Errors in Systems Code},
 journal = {SIGOPS Oper. Syst. Rev.},
 issue_date = {Dec. 2001},
 volume = {35},
 number = {5},
 month = oct,
 year = {2001},
 issn = {0163-5980},
 pages = {57--72},
 numpages = {16},
 url = {http://doi.acm.org/10.1145/502059.502041},
 doi = {10.1145/502059.502041},
 acmid = {502041},
 publisher = {ACM},
 address = {New York, NY, USA},
}

@article{8,
author={Ayewah, N. and Hovemeyer, D. and Morgenthaler, J.D. and Penix, J. and Pugh, William},
journal={Software, IEEE},
title={Using Static Analysis to Find Bugs},
year={2008},
month={Sept},
volume={25},
number={5},
pages={22-29},
keywords={Java;SQL;public domain software;security of data;software engineering;FindBugs;Java;SQL injection;open source static-analysis tool;runtime errors;security violations;software development;Computer bugs;Educational institutions;Java;Open source software;Production;Programming;Security;Software quality;Software tools;Testing;FindBugs;bug patterns;code quality;software defects;software quality;static analysis},
doi={10.1109/MS.2008.130},
ISSN={0740-7459},
}

@PHDTHESIS {9,
    author = {Kacper Bak},
    title  = {Modeling and Analysis of Software Product Line Variability in Clafer},
    school = {University of Waterloo},
    year   = {2013}
}

@article{10,
year={2014},
issn={1619-1366},
journal={Software and Systems Modeling},
doi={10.1007/s10270-014-0441-1},
title={Clafer: unifying class and feature modeling},
url={http://dx.doi.org/10.1007/s10270-014-0441-1},
publisher={Springer Berlin Heidelberg},
keywords={Language design; Feature modeling; OOM; Semantics; Unification},
author={Bak, Kacper and Diskin, Zinovy and Antkiewicz, Michal and Czarnecki, Krzysztof and Waksowski, Andrzej},
pages={1-35},
language={English}
}

@inproceedings{11,
  title={Comparing four static analysis tools for java concurrency bugs},
  author={Mamun, Md and Khanam, Aklima and Grahn, H{\aa}kan and Feldt, Robert},
  booktitle={Third Swedish Workshop on Multi-Core Computing (MCC-10)},
  year={2010}
}

@inproceedings{12,
    author  = "Zack Samocha",
    title   = "Comparison of Open Source and Commercial Static Analysis Solutions",
    publisher = "Presented at LINUXCON Europe 2013",
    year    = 2013
}
