@online {600,
    title = {Clafer: Lightweight Modeling Lanaguage},
    url = {http://www.clafer.org/}
}

@article {601,
	title = {Clafer: Unifying Class and Feature Modeling},
	journal = {Software and Systems Modeling},
	year = {2014},
	note = {The final publication is available at Springer via DOI.},
	doi = {http://dx.doi.org/10.1007/s10270-014-0441-1},
	attachments = {http://gsd.uwaterloo.ca/sites/default/files/2014-Bak-Clafer-Unifying-Class-Feature-Modeling(SOSYM).pdf},
	author = {Bak, Kacper and Diskin, Zinovy and Michal Antkiewicz and Krzysztof Czarnecki and Andrzej Wasowski}
}


@online {602,
    title = {A Free Open-Source Java Library for Constraint Programming},
    url = {http://choco-solver.org/}
}

@online {603,
    title = {alloy: A language and tool for relation models},
    url = {http://alloy.mit.edu/alloy/}
}
